@article{Cook2011,
doi = {10.1371/journal.pone.0023610},
file = {:Users/dexter/Drive/McMaster/Papers/journal.pone.0023610.pdf:pdf},
isbn = {1932-6203},
issn = {19326203},
journal = {PLoS ONE},
number = {8},
pages = {1--8},
pmid = {21886802},
title = {{Assessing Google Flu trends performance in the United States during the 2009 influenza virus A (H1N1) pandemic}},
volume = {6},
year = {2011}
}
@article{Yang2014,
doi = {10.1371/journal.pcbi.1003583},
file = {:Users/dexter/Drive/McMaster/Papers/journal.pcbi.1003583.pdf:pdf},
issn = {1553-7358},
journal = {PLoS computational biology},
keywords = {Forecasting,Humans,Influenza, Human,Influenza, Human: epidemiology,Models, Theoretical,Retrospective Studies,United States,United States: epidemiology},
month = apr,
number = {4},
pages = {e1003583},
pmid = {24762780},
title = {{Comparison of filtering methods for the modeling and retrospective forecasting of influenza epidemics.}},
volume = {10},
year = {2014}
}
@article{Nsoesie2014,
file = {:Users/dexter/Drive/McMaster/Papers/irv0008-0309.pdf:pdf},
issn = {1750-2659},
journal = {Influenza and other respiratory viruses},
keywords = {Disease Outbreaks,Forecasting,Forecasting: methods,Global Health,Humans,Influenza, Human,Influenza, Human: epidemiology,Models, Statistical,Seasons},
month = may,
number = {3},
pages = {309--16},
pmid = {24373466},
title = {{A systematic review of studies on forecasting the dynamics of influenza outbreaks.}},
volume = {8},
year = {2014}
}
@article{Graham2016,
author = {Graham, Andrea L and Camacho, Anton and Carrat, Fabrice and Ratmann, Oliver and Cazelles, Bernard and Mathe, Laboratoire Eco-evolution},
doi = {10.1098/rspb.2011.0300},
file = {:Users/dexter/Drive/McMaster/Papers/rspb.2011.0300.full(2).pdf:pdf},
keywords = {host immune response,influenza pandemic,model selection,reinfection,state-space models},
title = {{Explaining rapid reinfections in multiple- wave influenza outbreaks : Tristan da Cunha 1971 epidemic as a case study}},
year = {2016}
}
@article{Kim2013,
author = {Kim, Eui-Ki and Seok, Jong Hyeon and Oh, Jang Seok and Lee, Hyong Woo and Kim, Kyung Hyun},
doi = {10.1371/journal.pone.0069305},
file = {:Users/dexter/Drive/McMaster/Papers/pone.0069305.pdf:pdf},
issn = {1932-6203},
journal = {PloS one},
keywords = {Adolescent,Adult,Female,Forecasting,Forecasting: methods,Humans,Influenza, Human,Influenza, Human: epidemiology,Internet,Internet: statistics \& numerical data,Male,Middle Aged,Young Adult},
month = jan,
number = {7},
pages = {e69305},
pmid = {23894447},
title = {{Use of hangeul twitter to track and predict human influenza infection.}},
volume = {8},
year = {2013}
}
@misc{Sugihara1994,
author = {Sugihara, George},
booktitle = {Philosophical Transactions of the Royal Society A: Mathematical, Physical and Engineering Sciences},
doi = {10.1098/rsta.1994.0106},
file = {:Users/dexter/Drive/McMaster/Papers/477.full.pdf:pdf},
isbn = {09628428},
issn = {1364-503X},
pages = {477--495},
title = {{Nonlinear Forecasting for the Classification of Natural Time Series}},
volume = {348},
year = {1994}
}
@article{Reyburn2011,
author = {Reyburn, Rita and Kim, Deok Ryun and Emch, Michael and Khatib, Ahmed and von Seidlein, Lorenz and Ali, Mohammad},
doi = {10.4269/ajtmh.2011.10-0277},
file = {:Users/dexter/Drive/McMaster/Papers/tropmed-84-862.pdf:pdf},
issn = {1476-1645},
journal = {The American journal of tropical medicine and hygiene},
keywords = {Africa, Eastern,Cholera,Cholera: epidemiology,Cholera: transmission,Climate,Disease Outbreaks,Disease Outbreaks: statistics \& numerical data,Environmental Monitoring,Epidemiological Monitoring,Forecasting,Humans,Incidence,Models, Statistical,Oceans and Seas,Population Surveillance,Regression Analysis,Risk Factors,Seasons,Tanzania,Tanzania: epidemiology,Temperature},
month = jun,
number = {6},
pages = {862--9},
pmid = {21633020},
title = {{Climate variability and the outbreaks of cholera in Zanzibar, East Africa: a time series analysis.}},
volume = {84},
year = {2011}
}
@article{Glaser2014,
author = {Glaser, Sarah M. and Ye, Hao and Sugihara, George},
doi = {10.1111/fog.12042},
file = {:Users/dexter/Drive/McMaster/Papers/fog12042.pdf:pdf},
issn = {10546006},
journal = {Fisheries Oceanography},
keywords = {California Current System,Catch per unit effort,Data-poor fisheries,Nonlinear forecasting,North Pacific albacore,Spatial distribution model},
pages = {45--53},
title = {{A nonlinear, low data requirement model for producing spatially explicit fishery forecasts}},
volume = {23},
year = {2014}
}
@article{Reiner2012,
author = {Reiner, Robert C and King, Aaron a and Emch, Michael and Yunus, Mohammad and Faruque, a S G and Pascual, Mercedes},
doi = {10.1073/pnas.1108438109},
file = {:Users/dexter/Drive/McMaster/Papers/PNAS-2012-Reiner-2033-6.pdf:pdf},
issn = {1091-6490},
journal = {Proceedings of the National Academy of Sciences of the United States of America},
keywords = {Bangladesh,Bangladesh: epidemiology,Cholera,Cholera: epidemiology,Cities,Climate,Endemic Diseases,Endemic Diseases: statistics \& numerical data,Humans,Markov Chains,Models, Biological},
month = feb,
number = {6},
pages = {2033--6},
pmid = {22308325},
title = {{Highly localized sensitivity to climate forcing drives endemic cholera in a megacity.}},
volume = {109},
year = {2012}
}
